<?xml version = "1.0" encoding = "UTF-8"?><OAI-PMH xmlns="http://www.openarchives.org/OAI/2.0/" xmlns:xsi="http://www.w3.org/2001/XMLSchema-instance" xsi:schemaLocation="http://www.openarchives.org/OAI/2.0/ http://www.openarchives.org/OAI/2.0/OAI-PMH.xsd"><ListRecords><record><header><identifier>aleph-publish:004849961</identifier></header><metadata><record xmlns="http://www.ddb.de/professionell/mabxml/mabxml-1.xsd"><leader>00415vM2.01200024------h</leader><controlfield tag="LDR">00415vM2.01200024------h</controlfield><controlfield tag="FMT">MH</controlfield><datafield tag="001" ind1="-" ind2="1"><subfield code="a">HT002295247</subfield></datafield><datafield tag="002" ind1="a" ind2="1"><subfield code="a">19950308</subfield></datafield><datafield tag="003" ind1="-" ind2="1"><subfield code="a">20111012</subfield></datafield><datafield tag="026" ind1="-" ind2="1"><subfield code="a">HBZHT002295247</subfield></datafield><controlfield tag="030">a|1uc||||||17</controlfield><datafield tag="036" ind1="a" ind2="1"><subfield code="a">GB</subfield></datafield><datafield tag="037" ind1="b" ind2="1"><subfield code="a">eng</subfield></datafield><controlfield tag="050">a|||||||||||||</controlfield><controlfield tag="051">n|||||||</controlfield><datafield tag="070" ind1="-" ind2="1"><subfield code="a">468</subfield></datafield><datafield tag="070" ind1="b" ind2="1"><subfield code="a">468</subfield></datafield><datafield tag="080" ind1="-" ind2="1"><subfield code="a">60</subfield></datafield><datafield tag="100" ind1="-" ind2="1"><subfield code="p">Shakespeare, William</subfield><subfield code="d">1564-1616</subfield><subfield code="9">(DE-588)118613723</subfield></datafield><datafield tag="101" ind1="-" ind2="1"><subfield code="p">Shashibiya</subfield><subfield code="d">1564-1616</subfield></datafield><datafield tag="101" ind1="-" ind2="1"><subfield code="p">Schakespear, William</subfield><subfield code="d">1564-1616</subfield></datafield><datafield tag="101" ind1="-" ind2="1"><subfield code="p">Schakespear</subfield><subfield code="d">1564-1616</subfield></datafield><datafield tag="101" ind1="-" ind2="1"><subfield code="p">Šaḳisper, Veilliyam</subfield><subfield code="d">1564-1616</subfield></datafield><datafield tag="101" ind1="-" ind2="1"><subfield code="p">Šaḳisper, Veilliyem</subfield><subfield code="d">1564-1616</subfield></datafield><datafield tag="101" ind1="-" ind2="1"><subfield code="p">Šaḳisper</subfield><subfield code="d">1564-1616</subfield></datafield><datafield tag="101" ind1="-" ind2="1"><subfield code="p">Šeḳisper</subfield><subfield code="d">1564-1616</subfield></datafield><datafield tag="101" ind1="-" ind2="1"><subfield code="p">Šekesper</subfield><subfield code="d">1564-1616</subfield></datafield><datafield tag="101" ind1="-" ind2="1"><subfield code="p">Šekesper, Wilyam</subfield><subfield code="d">1564-1616</subfield></datafield><datafield tag="101" ind1="-" ind2="1"><subfield code="p">Shakespeare, Guillermo</subfield><subfield code="d">1564-1616</subfield></datafield><datafield tag="101" ind1="-" ind2="1"><subfield code="p">Chekchapiyera, William</subfield><subfield code="d">1564-1616</subfield></datafield><datafield tag="101" ind1="-" ind2="1"><subfield code="p">Saixpēr, Uilliam</subfield><subfield code="d">1564-1616</subfield></datafield><datafield tag="101" ind1="-" ind2="1"><subfield code="p">Saixpēros</subfield><subfield code="d">1564-1616</subfield></datafield><datafield tag="101" ind1="-" ind2="1"><subfield code="p">Šakisbīr, Williyam</subfield><subfield code="d">1564-1616</subfield></datafield><datafield tag="101" ind1="-" ind2="1"><subfield code="p">S&apos;egsi-pe-yar, Wi-li-am</subfield><subfield code="d">1564-1616</subfield></datafield><datafield tag="101" ind1="-" ind2="1"><subfield code="p">Sekhspír</subfield><subfield code="d">1564-1616</subfield></datafield><datafield tag="101" ind1="-" ind2="1"><subfield code="p">Šekspir, Vilijam</subfield><subfield code="d">1564-1616</subfield></datafield><datafield tag="101" ind1="-" ind2="1"><subfield code="p">Šekspir, Vil&apos;jam</subfield><subfield code="d">1564-1616</subfield></datafield><datafield tag="101" ind1="-" ind2="1"><subfield code="p">Šekspir, V.</subfield><subfield code="d">1564-1616</subfield></datafield><datafield tag="101" ind1="-" ind2="1"><subfield code="p">Šekspir, Wiliam</subfield><subfield code="d">1564-1616</subfield></datafield><datafield tag="101" ind1="-" ind2="1"><subfield code="p">Šekspir, William</subfield><subfield code="d">1564-1616</subfield></datafield><datafield tag="101" ind1="-" ind2="1"><subfield code="p">Šekspiras, Viljamas</subfield><subfield code="d">1564-1616</subfield></datafield><datafield tag="101" ind1="-" ind2="1"><subfield code="p">Šek&apos;spiri, Uiliam</subfield><subfield code="d">1564-1616</subfield></datafield><datafield tag="101" ind1="-" ind2="1"><subfield code="p">Šekspīrs, Viljams</subfield><subfield code="d">1564-1616</subfield></datafield><datafield tag="101" ind1="-" ind2="1"><subfield code="p">Šekspyras, V.</subfield><subfield code="d">1564-1616</subfield></datafield><datafield tag="101" ind1="-" ind2="1"><subfield code="p">Shakespear, W.</subfield><subfield code="d">1564-1616</subfield></datafield><datafield tag="101" ind1="-" ind2="1"><subfield code="p">Shakespear, William</subfield><subfield code="d">1564-1616</subfield></datafield><datafield tag="101" ind1="-" ind2="1"><subfield code="p">Shake-Spear, William</subfield><subfield code="d">1564-1616</subfield></datafield><datafield tag="101" ind1="-" ind2="1"><subfield code="p">Shakespeare</subfield><subfield code="d">1564-1616</subfield></datafield><datafield tag="101" ind1="-" ind2="1"><subfield code="p">Shakespeare, Gwilherm</subfield><subfield code="d">1564-1616</subfield></datafield><datafield tag="101" ind1="-" ind2="1"><subfield code="p">Shakespeare, W.</subfield><subfield code="d">1564-1616</subfield></datafield><datafield tag="101" ind1="-" ind2="1"><subfield code="p">Shakespeare, Wilhelm</subfield><subfield code="d">1564-1616</subfield></datafield><datafield tag="101" ind1="-" ind2="1"><subfield code="p">Shakespeare, Willhelm</subfield><subfield code="d">1564-1616</subfield></datafield><datafield tag="101" ind1="-" ind2="1"><subfield code="p">Shakespearowy, W.</subfield><subfield code="d">1564-1616</subfield></datafield><datafield tag="101" ind1="-" ind2="1"><subfield code="p">Shake-Speare, William</subfield><subfield code="d">1564-1616</subfield></datafield><datafield tag="101" ind1="-" ind2="1"><subfield code="p">Shakspear</subfield><subfield code="d">1564-1616</subfield></datafield><datafield tag="101" ind1="-" ind2="1"><subfield code="p">Shakspeare</subfield><subfield code="d">1564-1616</subfield></datafield><datafield tag="101" ind1="-" ind2="1"><subfield code="p">Shakspeare, Guglielmo</subfield><subfield code="d">1564-1616</subfield></datafield><datafield tag="101" ind1="-" ind2="1"><subfield code="p">Shakspeare, Guillaume</subfield><subfield code="d">1564-1616</subfield></datafield><datafield tag="101" ind1="-" ind2="1"><subfield code="p">Shakspeare, William</subfield><subfield code="d">1564-1616</subfield></datafield><datafield tag="101" ind1="-" ind2="1"><subfield code="p">Shak-Speare, William</subfield><subfield code="d">1564-1616</subfield></datafield><datafield tag="101" ind1="-" ind2="1"><subfield code="p">Shashibiya, William</subfield><subfield code="d">1564-1616</subfield></datafield><datafield tag="101" ind1="-" ind2="1"><subfield code="p">Sheikusupia, Uiriamu</subfield><subfield code="d">1564-1616</subfield></datafield><datafield tag="101" ind1="-" ind2="1"><subfield code="p">Sheḳspir, Ṿiliam</subfield><subfield code="d">1564-1616</subfield></datafield><datafield tag="101" ind1="-" ind2="1"><subfield code="p">Šhekspir, Viliam</subfield><subfield code="d">1564-1616</subfield></datafield><datafield tag="101" ind1="-" ind2="1"><subfield code="p">Shex&apos;pir, Wil&apos;yam</subfield><subfield code="d">1564-1616</subfield></datafield><datafield tag="101" ind1="-" ind2="1"><subfield code="p">Shig-si-phi-ya</subfield><subfield code="d">1564-1616</subfield></datafield><datafield tag="101" ind1="-" ind2="1"><subfield code="p">Šiksbīr, Wīlīam</subfield><subfield code="d">1564-1616</subfield></datafield><datafield tag="101" ind1="-" ind2="1"><subfield code="p">Šiksbīr, Willyam</subfield><subfield code="d">1564-1616</subfield></datafield><datafield tag="101" ind1="-" ind2="1"><subfield code="p">Šikspīr, Wīlīam</subfield><subfield code="d">1564-1616</subfield></datafield><datafield tag="101" ind1="-" ind2="1"><subfield code="p">Szekspir, Wiliam</subfield><subfield code="d">1564-1616</subfield></datafield><datafield tag="101" ind1="-" ind2="1"><subfield code="p">Szekspir, William</subfield><subfield code="d">1564-1616</subfield></datafield><datafield tag="101" ind1="-" ind2="1"><subfield code="p">Sheḳspir, Ṿiliyam</subfield><subfield code="d">1564-1616</subfield></datafield><datafield tag="101" ind1="-" ind2="1"><subfield code="p">Schakespeare, William</subfield><subfield code="d">1564-1616</subfield></datafield><datafield tag="101" ind1="-" ind2="1"><subfield code="p">Šaksbīr, Wiliyam</subfield><subfield code="d">1564-1616</subfield></datafield><datafield tag="101" ind1="-" ind2="1"><subfield code="p">Shashibiya</subfield><subfield code="d">1564-1616</subfield></datafield><datafield tag="101" ind1="-" ind2="1"><subfield code="p">Shakspere</subfield><subfield code="d">1564-1616</subfield></datafield><datafield tag="101" ind1="-" ind2="1"><subfield code="p">Šekspir, Uil&apos;jam</subfield><subfield code="d">1564-1616</subfield></datafield><datafield tag="101" ind1="-" ind2="1"><subfield code="p">Shakespear</subfield><subfield code="d">1564-1616</subfield></datafield><datafield tag="101" ind1="-" ind2="1"><subfield code="p">Saixpēr</subfield><subfield code="d">1564-1616</subfield></datafield><datafield tag="101" ind1="-" ind2="1"><subfield code="p">Sakespeiros</subfield><subfield code="d">1564-1616</subfield></datafield><datafield tag="101" ind1="-" ind2="1"><subfield code="p">Shakesperae, William</subfield><subfield code="d">1564-1616</subfield></datafield><datafield tag="101" ind1="-" ind2="1"><subfield code="p">Shackespear</subfield><subfield code="d">1564-1616</subfield></datafield><datafield tag="101" ind1="-" ind2="1"><subfield code="p">S., W.</subfield><subfield code="d">1564-1616</subfield></datafield><datafield tag="101" ind1="-" ind2="1"><subfield code="p">Shakespeare, Guglielmo</subfield><subfield code="d">1564-1616</subfield></datafield><datafield tag="101" ind1="-" ind2="1"><subfield code="p">S̆ekspir, Vilʹjam</subfield><subfield code="d">1564-1616</subfield></datafield><datafield tag="101" ind1="-" ind2="1"><subfield code="p">S̆ekspir, Viljem</subfield><subfield code="d">1564-1616</subfield></datafield><datafield tag="101" ind1="-" ind2="1"><subfield code="p">S̆ekspyras, Viljamas</subfield><subfield code="d">1564-1616</subfield></datafield><datafield tag="101" ind1="-" ind2="1"><subfield code="p">S̆ekhspiri, Wiliam</subfield><subfield code="d">1564-1616</subfield></datafield><datafield tag="101" ind1="-" ind2="1"><subfield code="p">Chakespear, William</subfield><subfield code="d">1564-1616</subfield></datafield><datafield tag="101" ind1="-" ind2="1"><subfield code="p">Sakespear, William</subfield><subfield code="d">1564-1616</subfield></datafield><datafield tag="101" ind1="-" ind2="1"><subfield code="p">Shakspeare, Wilhelm</subfield><subfield code="d">1564-1616</subfield></datafield><datafield tag="101" ind1="-" ind2="1"><subfield code="p">Šekspir</subfield><subfield code="d">1564-1616</subfield></datafield><datafield tag="101" ind1="-" ind2="1"><subfield code="p">Shak-speare, William</subfield><subfield code="d">1564-1616</subfield></datafield><datafield tag="101" ind1="-" ind2="1"><subfield code="p">Šekspir, Vilém</subfield><subfield code="d">1564-1616</subfield></datafield><datafield tag="101" ind1="-" ind2="1"><subfield code="p">Šekspire</subfield><subfield code="d">1564-1616</subfield></datafield><datafield tag="101" ind1="-" ind2="1"><subfield code="p">Shaksper, William</subfield><subfield code="d">1564-1616</subfield></datafield><datafield tag="101" ind1="-" ind2="1"><subfield code="p">Szekspir, Wiljam</subfield><subfield code="d">1564-1616</subfield></datafield><datafield tag="101" ind1="-" ind2="1"><subfield code="p">Saíxpēr, Uílliam</subfield><subfield code="d">1564-1616</subfield></datafield><datafield tag="101" ind1="-" ind2="1"><subfield code="p">Sakespeĩros, Uíïlliam</subfield><subfield code="d">1564-1616</subfield></datafield><datafield tag="101" ind1="-" ind2="1"><subfield code="p">Schekspirs, Wiljams</subfield><subfield code="d">1564-1616</subfield></datafield><datafield tag="101" ind1="-" ind2="1"><subfield code="p">Sekspiri, Viliam</subfield><subfield code="d">1564-1616</subfield></datafield><datafield tag="101" ind1="-" ind2="1"><subfield code="p">Shekspir, Uiliem</subfield><subfield code="d">1564-1616</subfield></datafield><datafield tag="101" ind1="-" ind2="1"><subfield code="p">Sekspir, Vilijam</subfield><subfield code="d">1564-1616</subfield></datafield><datafield tag="101" ind1="-" ind2="1"><subfield code="p">Bacon-Shakespeare, Francis</subfield><subfield code="d">1564-1616</subfield></datafield><datafield tag="101" ind1="-" ind2="1"><subfield code="p">Pseudo-Shakespeare</subfield><subfield code="d">1564-1616</subfield></datafield><datafield tag="101" ind1="-" ind2="1"><subfield code="p">Šekspir, U.</subfield><subfield code="d">1564-1616</subfield></datafield><datafield tag="101" ind1="-" ind2="1"><subfield code="p">Shaekespeare, William</subfield><subfield code="d">1564-1616</subfield></datafield><datafield tag="101" ind1="-" ind2="1"><subfield code="p">Shakespear, Wilhelm</subfield><subfield code="d">1564-1616</subfield></datafield><datafield tag="101" ind1="-" ind2="1"><subfield code="p">Shakespear, Willhelm</subfield><subfield code="d">1564-1616</subfield></datafield><datafield tag="101" ind1="-" ind2="1"><subfield code="p">Shakespere, William</subfield><subfield code="d">1564-1616</subfield></datafield><datafield tag="101" ind1="-" ind2="1"><subfield code="p">Shakspear, William</subfield><subfield code="d">1564-1616</subfield></datafield><datafield tag="101" ind1="-" ind2="1"><subfield code="p">Shakspere, William</subfield><subfield code="d">1564-1616</subfield></datafield><datafield tag="101" ind1="-" ind2="1"><subfield code="p">Šekspyras</subfield><subfield code="d">1564-1616</subfield></datafield><datafield tag="101" ind1="-" ind2="1"><subfield code="p">Šekspir, Uilʹjam</subfield><subfield code="d">1564-1616</subfield></datafield><datafield tag="101" ind1="-" ind2="1"><subfield code="p">Shakespere, Vilmos</subfield><subfield code="d">1564-1616</subfield></datafield><datafield tag="101" ind1="-" ind2="1"><subfield code="p">Šekspir, Uiljam</subfield><subfield code="d">1564-1616</subfield></datafield><datafield tag="101" ind1="-" ind2="1"><subfield code="p">Šekspir, Villiam</subfield><subfield code="d">1564-1616</subfield></datafield><datafield tag="101" ind1="-" ind2="1"><subfield code="U">Hans</subfield><subfield code="p">莎士比亚</subfield><subfield code="d">1564-1616</subfield></datafield><datafield tag="101" ind1="-" ind2="1"><subfield code="U">Arab</subfield><subfield code="p">شېكېسپېر, ۋىليام</subfield><subfield code="d">1564-1616</subfield></datafield><datafield tag="104" ind1="b" ind2="1"><subfield code="p">Wells, Stanley W.</subfield><subfield code="d">1930-</subfield><subfield code="b">[Hrsg.]</subfield><subfield code="9">(DE-588)128397926</subfield></datafield><datafield tag="105" ind1="-" ind2="1"><subfield code="p">Wells, Stanley William</subfield><subfield code="d">1930-</subfield></datafield><datafield tag="105" ind1="-" ind2="1"><subfield code="p">Wells, Stanley</subfield><subfield code="d">1930-</subfield></datafield><datafield tag="300" ind1="-" ind2="1"><subfield code="a">Sammlung</subfield></datafield><datafield tag="331" ind1="-" ind2="1"><subfield code="a">&lt;&lt;The&gt;&gt; Oxford Shakespeare</subfield></datafield><datafield tag="359" ind1="-" ind2="1"><subfield code="a">[general ed. Stanley Wells]</subfield></datafield><datafield tag="410" ind1="-" ind2="1"><subfield code="a">Oxford</subfield></datafield><datafield tag="412" ind1="-" ind2="1"><subfield code="a">Clarendon Pr.</subfield></datafield><datafield tag="425" ind1="b" ind2="1"><subfield code="a">1982</subfield></datafield><datafield tag="511" ind1="-" ind2="1"><subfield code="a">Teilw. im Verl. Oxford Univ. Pr., Oxford [u.a.], erschienen</subfield></datafield><controlfield tag="SYS">004849961</controlfield><datafield tag="LOW" ind1="-" ind2="1"><subfield code="a">A0001</subfield></datafield><datafield tag="LOW" ind1="-" ind2="1"><subfield code="a">B0001</subfield></datafield><datafield tag="LOW" ind1="-" ind2="1"><subfield code="a">C0001</subfield></datafield><datafield tag="LOW" ind1="-" ind2="1"><subfield code="a">M0001</subfield></datafield><datafield tag="LOW" ind1="-" ind2="1"><subfield code="a">M1014</subfield></datafield><datafield tag="LOW" ind1="-" ind2="1"><subfield code="a">Q0001</subfield></datafield><datafield tag="LOW" ind1="-" ind2="1"><subfield code="a">Q1108</subfield></datafield><datafield tag="LOW" ind1="-" ind2="1"><subfield code="a">R0003</subfield></datafield><datafield tag="LOW" ind1="-" ind2="1"><subfield code="a">U0001</subfield></datafield><datafield tag="088" ind1=" " ind2=" "><subfield code="a">385</subfield><subfield code="b">25</subfield><subfield code="c">E.SH17/np36624</subfield><subfield code="e">Keine Angabe</subfield></datafield><datafield tag="088" ind1=" " ind2=" "><subfield code="a">385</subfield><subfield code="b">25</subfield><subfield code="c">E.SH17/np29725</subfield><subfield code="e">Keine Angabe</subfield></datafield><datafield tag="088" ind1=" " ind2=" "><subfield code="a">61</subfield><subfield code="b">01</subfield><subfield code="c">ango86400.w456</subfield><subfield code="e">Keine Angabe</subfield></datafield><datafield tag="088" ind1=" " ind2=" "><subfield code="a">107</subfield></datafield><datafield tag="088" ind1=" " ind2=" "><subfield code="a">290</subfield></datafield><datafield tag="088" ind1=" " ind2=" "><subfield code="a">Lan 1</subfield></datafield><datafield tag="088" ind1=" " ind2=" "><subfield code="a">294</subfield></datafield><datafield tag="088" ind1=" " ind2=" "><subfield code="a">361</subfield></datafield><datafield tag="088" ind1=" " ind2=" "><subfield code="a">465</subfield><subfield code="c">DXE1481 &lt;&lt;Grundsignatur&gt;&gt;</subfield></datafield><datafield tag="088" ind1=" " ind2=" "><subfield code="a">466</subfield></datafield><datafield tag="088" ind1=" " ind2=" "><subfield code="a">467</subfield></datafield><datafield tag="088" ind1=" " ind2=" "><subfield code="a">468</subfield></datafield><datafield tag="088" ind1=" " ind2=" "><subfield code="a">5</subfield></datafield><datafield tag="088" ind1=" " ind2=" "><subfield code="a">6</subfield></datafield><datafield tag="088" ind1=" " ind2=" "><subfield code="a">6/020</subfield></datafield><datafield tag="088" ind1=" " ind2=" "><subfield code="a">82</subfield></datafield><datafield tag="088" ind1=" " ind2=" "><subfield code="a">464</subfield></datafield><datafield tag="088" ind1=" " ind2=" "><subfield code="a">5/4</subfield></datafield></record></metadata></record></ListRecords></OAI-PMH>